@book{example,
  title = {Graph Theory},
  author = {Reinhard Diestel},
  publisher = {Springer},
  year = {2005},
  address = {Berlin},
  edition = {3rd}
}
@book{quinlan,
  title = {Induction of Decision Trees},
  author = {Ross Quinlan},
  publisher = {Kluwer Academic Publishers},
  year = {1986},
  address = {Boston},
  edition = {1.}
}
